@article{regularity_lemmas_for_stable_graphs,
  title={Regularity lemmas for stable graphs},
  author={Malliaris, Maryanthe and Shelah, Saharon},
  journal={Transactions of the American Mathematical Society},
  volume={366},
  number={3},
  pages={1551--1585},
  year={2014}
}

@article{efficient_testing_of_large_graphs,
  title={Efficient testing of large graphs},
  author={Alon, Noga and Fischer, Eldar and Krivelevich, Michael and Szegedy, Mario},
  journal={Combinatorica},
  volume={20},
  number={4},
  pages={451--476},
  year={2000},
  publisher={Springer}
}

% cite for lower bound on number of parts in general setting
@article {lower_bounds_of_tower_type_for_szeremedis_uniformity_lemma,
    AUTHOR = {Gowers, W. T.},
     TITLE = {Lower bounds of tower type for {S}zemer\'edi's uniformity lemma},
   JOURNAL = {Geom. Funct. Anal.},
  FJOURNAL = {Geometric and Functional Analysis},
    VOLUME = {7},
      YEAR = {1997},
    NUMBER = {2},
     PAGES = {322--337},
      ISSN = {1016-443X,1420-8970},
   MRCLASS = {11B25 (05C35)},
  MRNUMBER = {1445389},
MRREVIEWER = {Yuri\ Bilu},
       DOI = {10.1007/PL00001621},
       URL = {https://doi.org/10.1007/PL00001621},
}

% cite for "bi-induced" term
@article{induced_subgraph_density_vi_bounded_vc_dimension,
  title={Induced subgraph density. VI. Bounded VC-dimension},
  author={Nguyen, Tung and Scott, Alex and Seymour, Paul},
  journal={arXiv preprint arXiv:2312.15572},
  year={2023}
}

% cite for "induced sub-bigraph" term
% cite for stability bounds VC-dimension
@incollection {regularity_partitions_and_the_topology_of_graphons,
    AUTHOR = {Lov\'asz, L\'aszl\'o{} and Szegedy, Bal\'azs},
     TITLE = {Regularity partitions and the topology of graphons},
 BOOKTITLE = {An irregular mind},
    SERIES = {Bolyai Soc. Math. Stud.},
    VOLUME = {21},
     PAGES = {415--446},
 PUBLISHER = {J\'anos Bolyai Math. Soc., Budapest},
      YEAR = {2010},
      ISBN = {978-963-9453-14-2; 978-3-642-14443-1},
   MRCLASS = {05C80 (05C12)},
  MRNUMBER = {2815610},
MRREVIEWER = {David\ B.\ Penman},
       DOI = {10.1007/978-3-642-14444-8\_12},
       URL = {https://doi.org/10.1007/978-3-642-14444-8_12},
}

% cite for VC-dimension
@incollection {on_the_uniform_convergence_of_relative_frequencies_of_events_to_their_probabilities,
    AUTHOR = {Vapnik, V. N. and Chervonenkis, A. Ya.},
     TITLE = {On the uniform convergence of relative frequencies of events
              to their probabilities},
 BOOKTITLE = {Measures of complexity},
     PAGES = {11--30},
      NOTE = {Reprint of Theor. Probability Appl. {\bf 16} (1971), 264--280},
 PUBLISHER = {Springer, Cham},
      YEAR = {2015},
      ISBN = {978-3-319-21851-9; 978-3-319-21852-6},
   MRCLASS = {60F05 (60F15)},
  MRNUMBER = {3408730},
}

% cite for the fact that the half-graph assimptotically requires irregular parts
@MISC {irregular_pairs_in_half_graphs_szemeredi_regularity,
    TITLE = {irregular pairs in half graphs - Szemeredi regularity},
    AUTHOR = {Ayush Basu (https://mathoverflow.net/users/389789/ayush-basu)},
    HOWPUBLISHED = {MathOverflow},
    NOTE = {URL:https://mathoverflow.net/q/404954 (version: 2021-09-27)},
    EPRINT = {https://mathoverflow.net/q/404954},
    URL = {https://mathoverflow.net/q/404954}
}